@unpublished{hinze10,
	author={Hinze, Ralf},
	title={Lifting Operators and Laws},
	year={2010},
	url={http://www.cs.ox.ac.uk/ralf.hinze/Lifting.pdf},
	urldate={2015-06-06},
}

@article{mcbride08,
	author={McBride, Conor and Paterson, Ross},
	title={Applicative Programming with Effects},
	journal={Journal of Functional Programming},
	volume={18},
	number={01},
	year={2008},
	pages={1--13},
	doi={10.1017/S0956796807006326},
}
