@unpublished{hinze10,
	author={Hinze, Ralf},
	title={Lifting Operators and Laws},
	year={2010},
	url={http://www.cs.ox.ac.uk/ralf.hinze/Lifting.pdf},
	urldate={2015-06-06},
}

@article{mcbride08,
	author={McBride, Conor and Paterson, Ross},
	title={Applicative Programming with Effects},
	journal={Journal of Functional Programming},
	volume={18},
	number={01},
	year={2008},
	pages={1--13},
	doi={10.1017/S0956796807006326},
}

@unpublished{huffman05,
	author={Huffman, Brian},
	title={Transfer Principle Proof Tactic for Nonstandard Analysis},
	%booktitle={NETCA Workshop on Verification and Theorem Proving for Continuous Systems},
	year={2005},
}

@incollection{wildmoser04,
	author={Wildmoser, Martin and Nipkow, Tobias},
	title={Certifying Machine Code Safety: Shallow Versus Deep Embedding},
	editor={Slind, Konrad and Bunker, Annette and Gopalakrishnan, Ganesh},
	booktitle={Theorem Proving in Higher Order Logics},
	series={Lecture Notes in Computer Science},
	volume={3223},
	publisher={Springer Berlin Heidelberg},
	year={2004},
	pages={305--320},
	doi={10.1007/978-3-540-30142-4_22},
}

@incollection{paulson90,
	author={Paulson, Lawrence C.},
	title={Isabelle: The Next 700 Theorem Provers},
	editor={Odifreddi, Piergiorgio},
	booktitle={Logic and Computer Science},
	series={APIC Studies in Data Processing},
	volume={31},
	publisher={Academic Press},
	year={1990},
	pages={361--386},
}

@manual{isabelle-implementation,
	author={Wenzel, Makarius},
	title={The Isabelle/Isar Implementation},
	date={2015-05-25},
	url={http://isabelle.in.tum.de/dist/Isabelle2015/doc/implementation.pdf},
}
